@thesis{liang1983,
  title={Word Hy-phen-a-tion by Com-put-er},
  author={Liang, Franklin Mark},
  year={1983},
  type={docthesis},
  major={философии},
  language="english"
}

@book{grot1902,
  title={Русское правописание},
  author={Грот, Я. К.},
  year={1902},
  address={СПб.},
  publisher={Тип. Императорской Академии наук},
  language="russian"
}

@book{knuth1979,
  title={\TeX{} and METAFONT: new directions in typesetting},
  author={Knuth, D. E.},
  year={1979},
  publisher={Digital Press},
  language="english"
}

@article{ferguson1990,
  title={Report on Multilingual Activities},
  author={Michael J. Ferguson},
  year={1990},
  volume={11},
  number={4},
  journal={TUGboat},
  language="english"
}

@manual{mittelbach2016,
  title={\LaTeX{} font encodings},
  author={Frank Mittelbach and Robin Fairbairns and Werner Lemberg},
  organization={\LaTeX{}3 Project Team},
  year={2016},
  language="english"
}

@manual{patgen2,
  title={A small tutorial on the multilingual features of PatGen2},
  author={Yannis Haralambous},
  year={1993},
  language="english"
}

@manual{opatgen,
  title={Generation of Patterns with the OPatGen Program},
  author={David Anto\v{s}},
  year={2001},
  language="english"
}

@article{haralambous1992,
  title={Hyphenation patterns for Ancient Greek and Latin},
  author={Yannis Haralambous},
  year={1992},
  volume={13},
  number={4},
  pages={459--467},
  journal={TUGboat},
  language="english"
}

@inproceedings{sojka2003,
  title={Context sensitive pattern based segmentation: A Thai challenge},
  author={Sojka, Petr and Anto{\v{s}}, David},
  booktitle={Proceedings of {EACL} 2003 Workshop on Computational Linguistics for South Asian Languages},
  pages={65--72},
  year={2003},
  language="english"
}

@manual {utn41,
	TITLE = {Unicode Technical Note 41: Church Slavonic Typography in Unicode},
	AUTHOR = {Aleksandr Andreev and Yuri Shardt and Nikita Simmons},
	YEAR = {2015},
 	url={http://www.unicode.org/notes/tn41/},
	language="english"
}

@manual{tr15,
	title={Unicode Standard Annex 15: Unicode Normalization Forms},
	author={Mark Davis and Ken Whistler},
	organization={Unicode Consortium},
	year={2016},
	url={http://www.unicode.org/reports/tr15/},
	language="english"
}

@techreport{smrz1996,
  title={Word Hy-phen-a-tion by Neural Networks},
  author={Smr{\v{z}}, Pavel and Sojka, Petr},
  year={1996},
  institution={Technical Report FIMU-RS-96-04, Masaryk University in Brno},
  language="english"
}

@inproceedings{trogkanis2010,
  title={Conditional random fields for word hyphenation},
  author={Trogkanis, Nikolaos and Elkan, Charles},
  booktitle={Proceedings of the 48th Annual Meeting of the Association for Computational Linguistics},
  pages={366--374},
  year={2010},
  language="english"
}

